<record><leader>00000cas a22000007a 4500</leader><controlfield tag="001">27857025</controlfield><controlfield tag="008">930405d19771977ctudn ne      0    0eng d</controlfield><datafield ind1=" " ind2=" " tag="010"><subfield code="a">sn 93053909 </subfield></datafield><datafield ind1=" " ind2=" " tag="040"><subfield code="a">CNW</subfield><subfield code="b">eng</subfield><subfield code="c">CNW</subfield><subfield code="d">OCLCQ</subfield></datafield><datafield ind1=" " ind2=" " tag="042"><subfield code="a">msc</subfield></datafield><datafield ind1="0" ind2=" " tag="130"><subfield code="a">Fairfield County morning news (Norwalk, Conn. : Norwalk ed.)</subfield></datafield><datafield ind1="1" ind2="0" tag="245"><subfield code="a">Fairfield County morning news.</subfield></datafield><datafield ind1=" " ind2=" " tag="250"><subfield code="a">Norwalk ed.</subfield></datafield><datafield ind1=" " ind2=" " tag="260"><subfield code="a">Norwalk, CT :</subfield><subfield code="b">Fairfield County Morning News</subfield></datafield><datafield ind1=" " ind2=" " tag="300"><subfield code="a">v.</subfield></datafield><datafield ind1=" " ind2=" " tag="310"><subfield code="a">Daily (except Sat. and Sun.)</subfield></datafield><datafield ind1="1" ind2=" " tag="362"><subfield code="a">Began in Aug. 1977.</subfield></datafield><datafield ind1="0" ind2=" " tag="362"><subfield code="a">-v. 7, no. 72 (Dec. 2, 1977).</subfield></datafield><datafield ind1=" " ind2=" " tag="500"><subfield code="a">Edition statement: City ed., Oct. 19-Dec. 2, 1977.</subfield></datafield><datafield ind1=" " ind2=" " tag="588"><subfield code="a">Description based on: Vol. 1, no. 2 (Aug. 24, 1977).</subfield></datafield><datafield ind1=" " ind2="4" tag="651"><subfield code="a">Norwalk (Conn.)</subfield><subfield code="v">Newspapers.</subfield></datafield><datafield ind1=" " ind2="4" tag="651"><subfield code="a">Fairfield County (Conn.)</subfield><subfield code="v">Newspapers.</subfield></datafield><datafield ind1=" " ind2=" " tag="752"><subfield code="a">United States</subfield><subfield code="b">Connecticut</subfield><subfield code="c">Fairfield</subfield><subfield code="d">Norwalk.</subfield></datafield><datafield ind1="0" ind2=" " tag="775"><subfield code="t">Fairfield County morning news (Norwalk, Conn. : Wilton ed.)</subfield><subfield code="w">(DLC)sn 93053908</subfield></datafield><datafield ind1="1" ind2=" " tag="029"><subfield code="a">AU@</subfield><subfield code="b">000020737986</subfield></datafield></record>